@inproceedings{popov2007stackless,
	title={Stackless KD-Tree Traversal for High Performance GPU Ray Tracing},
	author={Popov, Stefan and G{\"u}nther, Johannes and Seidel, Hans-Peter and Slusallek, Philipp},
	booktitle={Computer Graphics Forum},
	volume={26},
	number={3},
	pages={415--424},
	year={2007},
	organization={Wiley Online Library}
}

@inproceedings{wald2006building,
	title={On building fast kd-trees for ray tracing, and on doing that in O (N log N)},
	author={Wald, Ingo and Havran, Vlastimil},
	booktitle={Interactive Ray Tracing 2006, IEEE Symposium on},
	pages={61--69},
	year={2006},
	organization={IEEE}
}

@inproceedings{choi2010parallel,
	title={Parallel SAH kD tree construction},
	author={Choi, Byn and Komuravelli, Rakesh and Lu, Victor and Sung, Hyojin and Bocchino, Robert L and Adve, Sarita V and Hart, John C},
	booktitle={Proceedings of the Conference on High Performance Graphics},
	pages={77--86},
	year={2010},
	organization={Eurographics Association}
}

@inproceedings{adams2009gaussian,
	title={Gaussian kd-trees for fast high-dimensional filtering},
	author={Adams, Andrew and Gelfand, Natasha and Dolson, Jennifer and Levoy, Marc},
	booktitle={ACM Transactions on Graphics (ToG)},
	volume={28},
	number={3},
	pages={21},
	year={2009},
	organization={ACM}
}

@inproceedings{moller2005fast,
  title={Fast, minimum storage ray/triangle intersection},
  author={M{\"o}ller, Tomas and Trumbore, Ben},
  booktitle={ACM SIGGRAPH 2005 Courses},
  pages={7},
  year={2005},
  organization={ACM}
}

@article{Kajiya:1986:RE:15886.15902,
 author = {Kajiya, James T.},
 title = {The Rendering Equation},
 journal = {SIGGRAPH Comput. Graph.},
 issue_date = {Aug. 1986},
 volume = {20},
 number = {4},
 month = aug,
 year = {1986},
 issn = {0097-8930},
 pages = {143--150},
 numpages = {8},
 url = {http://doi.acm.org/10.1145/15886.15902},
 doi = {10.1145/15886.15902},
 acmid = {15902},
 publisher = {ACM},
 address = {New York, NY, USA},
}